@ARTICLE{bandh,
AUTHOR = "Patrick Bahr and Graham Hutton",
TITLE = "Calculating Correct Compilers",
YEAR = "2015",
JOURNAL = "Journal of Functional Programming"
}

@BOOK{backhouse,
AUTHOR = "Roland C. Backhouse",
TITLE = "Program Construction: Calculating Implementations from Specificiations",
YEAR = "2003",
PUBLISHER = "John Wiley and Sons, Inc"
}