@ARTICLE{bandh,
AUTHOR = "Patrick Bahr and Graham Hutton",
TITLE = "Calculating Correct Compilers",
YEAR = "2015",
JOURNAL = "Journal of Functional Programming"
}

@BOOK{backhouse,
AUTHOR = "Roland C. Backhouse",
TITLE = "Program Construction: Calculating Implementations from Specificiations",
YEAR = "2003",
PUBLISHER = "John Wiley and Sons, Inc"
}

@BOOK{dragon,
AUTHOR = "Alfred V. Aho and Ravi Sethi and Jeffrey D. Ullman",
TITLE = "Compilers: Principles, Techniques, and Tools",
YEAR = "1988",
PUBLISHER = "Addison-Wesley Publishing company"
}

@BOOK{usingz,
AUTHOR = "Jim Woodcock and Jim Davies",
TITLE = "Using Z: Specification, Refinement and Proof",
YEAR = "1996",
PUBLISHER = "Pearson Education"
}